%%%%%%%%%%%%%%%%%%%%%%%%
% JOURNAL ABBREVIATIONS
%%%%%%%%%%%%%%%%%%%%%%%%
@STRING{ACP       = "Atmos.\ Chem.\ Phys."}
@STRING{AG        = "Acta\ Geophys."}
@STRING{AMS 	  = "Amer.\ Meteor.\ Soc."}
@STRING{AGU 	  = "Amer.\ Geophys.\ Union"}
@STRING{AIP 	  = "Amer. Inst. Phys."}
@STRING{ADGEO     = "Adv.\ Geosci."}
@STRING{AWR       = "Adv.\ Water\ Resour."}
@STRING{AFM       = "Agric.\ For.\ Meteor."}
@STRING{AM        = "Ann.\ Meteor."}
@STRING{AN        = "Astrophys.\ Norv."}					% Astrophysica Norvegica
@STRING{AE        = "Atmos.\ Environ."}
@STRING{AO        = "Atmos.--Ocean"}						% Atmosphere--Ocean, published by Canadian Meteorological Society (CMOS)
@STRING{AR        = "Atmos.\ Res."}							% Atmospheric Research
@STRING{ARFM      = "Annu.\ Rev.\ Fluid Mech."}
@STRING{AUMET     = "Aust.\ Meteor.\ Mag."}
@STRING{BAMS      = "Bull.\ Amer.\ Meteor.\ Soc."}
@STRING{BLM       = "Bound.-Layer\ Meteor."}
@STRING{CAP       = "Contrib.\ Atmos.\ Phys."}
@STRING{CC        = "Climate Change"}						% Climate Change
@STRING{CCH       = "Climatic Change"}						% Climatic Change
@STRING{CDYN      = "Climate Dyn."}
@STRING{CHAOS     = "Chaos"}
@STRING{COL       = "Collier's"}
@STRING{CRS       = "Cont.\ Shelf Res."}
@STRING{DAO       = "Dyn.\ Atmos.\ Oceans"}
@STRING{ECO       = "Ecology"}
@STRING{EI        = "Earth Interact."}
@STRING{EFM       = "Environ.\ Fluid\ Mech."}               % Environmental Fluid Mechanics
@STRING{FES       = "Front.\ Environ.\ Sci."}               % Frontiers in Environmental Sciences
@STRING{GA        = "Geophysica"}							% Geophysica, published by Geophysical Society of Finland
@STRING{GEOMAG    = "Geophys.\ Mag."}
@STRING{GN        = "Geophys.\ Norv."}						% Geophysica Norvegica
@STRING{GRL       = "Geophys.\ Res.\ Lett."}
@STRING{GEOINT    = "Geofis.\ Int."}						% Geofisica Internacional (Mexican journal -- vols. 3--5 contained proceedings from a hurricane conference
@STRING{GEOPUB    = "Geofys.\ Publ."}
@STRING{GPC       = "Global Planet.\ Change"}
@STRING{GMD       = "Geosci.\ Model\ Dev."}					% Geoscientific Model Developments
@STRING{HP        = "Health Phys."}
@STRING{IAOP      = "Izv.\ Atmos.\ Ocean.\ Phys.\ (Engl.\ Transl.)"}
@STRING{IJC       = "Int.\ J.\ Climatol."}
@STRING{IJHFF     = "Int.\ J.\ Heat\ Fluid\ Fl."}
@STRING{JAM       = "J.\ Appl.\ Meteor."}					% renamed to name below in 2006
@STRING{JAMC      = "J.\ Appl.\ Meteor.\ Climatol."}		% Journal of Applied Meteorology and Climatology (this journal used to be called the Journal of Applied Meteorology before 2006)
@STRING{JAS       = "J.\ Atmos.\ Sci."}
@STRING{JAOT      = "J.\ Atmos.\ Oceanic Technol."}
@STRING{JCAM      = "J.\ Climate Appl.\ Meteor."}			% from 1983--87, now JAMC
@STRING{JCLI      = "J.\ Climate"}
@STRING{JCP       = "J.\ Comput.\ Phys."}
@STRING{JCR       = "J.\ Coastal Res."}
@STRING{JFM       = "J.\ Fluid\ Mech."}
@STRING{JEM       = "J.\ Eng.\ Math."}						% Journal of Engineering Mathematics
@STRING{JGR       = "J.\ Geophys.\ Res."}
@STRING{JGRA      = "J.\ Geophys.\ Res.-Atmos."}
@STRING{JGRO      = "J.\ Geophys.\ Res.-Oceans"}
@STRING{JHM       = "J.\ Hydrometeor."}
@STRING{JMS       = "J.\ Mar.\ Syst."}
@STRING{JM        = "J.\ Meteor."}
@STRING{JMR       = "J.\ Mar.\ Res."}
@STRING{JMSJ      = "J.\ Meteor.\ Soc.\ Japan"}
@STRING{JPO       = "J.\ Phys.\ Oceanogr."}
@STRING{JOCEAN    = "J.\ Oceanogr."}						% Journal of Oceanography
@STRING{JOSA      = "J.\ Opt.\ Soc.\ Am."}					% Journal of Optical Society of America
@STRING{JOSJ      = "J.\ Oceanogr.\ Soc.\ Japan"}
@STRING{JSE       = "J.\ Struct.\ Eng."}					% Journal of Structural Engineering at ASCE
@STRING{JT        = "J.\ Turbul."}
@STRING{JTM       = "J.\ Tropical Meteor."}
@STRING{JWEIA     = "J.\ Wind Eng.\ Ind.\ Aerodyn."}
@STRING{MA        = "Meteor.\ Appl."}
@STRING{MAP       = "Meteor.\ Atmos.\ Phys."}
@STRING{METMON    = "Meteor.\ Monogr."}
@STRING{METZEIT   = "Meteor.\ Z."}
@STRING{MWL       = "Mar.\ Wea.\ Log"}
@STRING{MWR       = "Mon.\ Wea.\ Rev."}
@STRING{NAT       = "Nature"}
@STRING{NHR       = "Nat.\ Hazards Rev."}
@STRING{NWD       = "Natl.\ Weather Dig."}
@STRING{OA        = "Oceanol. Aeta"}
@STRING{OCEAN     = "Oceanography"}							% a quarterly journal of The Oceanography Society
@STRING{PAG       = "Pure Appl.\ Geophys."}
@STRING{PF        = "Phys.\ Fluids"}
@STRING{PHYSD     = "Physica D"}
@STRING{PMG       = "Pap.\ Meteor.\ Geophys."}				% Papers in Meteorology and Geophysics
@STRING{PNAS      = "Proc.\ Natl.\ Acad.\ Sci.\ (USA)"}
@STRING{PRE       = "Phys.\ Rev.\ E"}
@STRING{PRL       = "Phys.\ Rev.\ Lett."}
@STRING{PRSA      = "Proc.\ Roy.\ Soc."}
@STRING{PT        = "Phys.\ Today"}
@STRING{PTRS      = "Philos.\ Trans.\ Roy.\ Soc.\ London"}
@STRING{QJRMS     = "Quart.\ J.\ Roy.\ Meteor.\ Soc."}
@STRING{RGEO      = "Rev. Geophys."}
@STRING{SCI       = "Science"}
@STRING{SOLA      = "SOLA"}									% Scientific Online Letters on the Atmosphere
@STRING{TAGU      = "Eos, Trans.\ Amer.\ Geophys.\ Union"}
@STRING{TELLUS    = "Tellus"}
@STRING{TCFD      = "Theor.\ Comput.\ Fluid Dyn."}
@STRING{WEA       = "Weather"}
@STRING{WRR       = "Water\ Res.\ Research"}                % Water Resources Research
@STRING{WW        = "Weatherwise"}
@STRING{WF        = "Wea.\ Forecasting"}
@STRING{WMOB      = "WMO Bull."}

%%%%%%%%%%%%%%%%%%%%%%%%
% REFERENCES
%%%%%%%%%%%%%%%%%%%%%%%%

@article {MakaryBMJ16,
  author = {Makary, Martin A and Daniel, Michael},
  title = {Medical error{\textemdash}the third leading cause of death in the US},
  volume = {353},
  year = {2016},
  doi = {10.1136/bmj.i2139},
  publisher = {BMJ Publishing Group Ltd},
  URL = {https://www.bmj.com/content/353/bmj.i2139},
  eprint = {https://www.bmj.com/content/353/bmj.i2139.full.pdf},
  journal = {The BMJ}
}

@InProceedings{ChenLICS19,
  author = {Xiaohong Chen and Grigore Rosu},
  booktitle = {2019 34th Annual ACM/IEEE Symposium on Logic in Computer Science (LICS)},
  title = {Matching mu-Logic},
  year = {2019},
  pages = {1-13},
  keywords = {pattern matching;semantics;syntactics;cognition;computer languages;standards},
  doi = {10.1109/LICS.2019.8785675},
  publisher = {IEEE Computer Society},
  address = {Los Alamitos, CA, USA},
  month = {jun}
}

@misc{ClinicalGuidelinesURL,
  title = {Clinical Practice Guidelines},
  url = {https://www.nccih.nih.gov/health/providers/clinicalpractice}
}

@article{RosuJLAP10,
  title = {An overview of the K semantic framework},
  journal = {The Journal of Logic and Algebraic Programming},
  volume = {79},
  number = {6},
  pages = {397-434},
  year = {2010},
  issn = {1567-8326},
  doi = {10.1016/j.jlap.2010.03.012},
  author = {Grigore Roșu and Traian Florin Șerbănută}
}

@article{WoolfBMJ99,
  title={Potential benefits, limitations, and harms of clinical guidelines},
  author={Woolf, Steven H and Grol, Richard and Hutchinson, Allen and Eccles, Martin and Grimshaw, Jeremy},
  journal={The BMJ},
  volume={318},
  number={7182},
  pages={527--530},
  year={1999},
  doi={10.1136/bmj.318.7182.527}
}

@article{SerbanutaETNCS14,
  title = {The {K} Primer (version 3.3)},
  journal = {Electronic Notes in Theoretical Computer Science},
  volume = {304},
  pages = {57-80},
  year = {2014},
  note = {Proceedings of the Second International Workshop on the K Framework and its Applications (K 2011).},
  issn = {1571-0661},
  doi = {10.1016/j.entcs.2014.05.003},
  author = {Traian Florin Şerbănuţă and Andrei Arusoaie and David Lazar and Chucky Ellison and Dorel Lucanu and Grigore Roşu},
}



@inproceedings{HathhornPLDI15,
  author = {Hathhorn, Chris and Ellison, Chucky and Ro\c{s}u, Grigore},
  title = {Defining the Undefinedness of C},
  year = {2015},
  isbn = {9781450334686},
  publisher = {Association for Computing Machinery},
  address = {New York, NY, USA},
  doi = {10.1145/2737924.2737979},
  booktitle = {Proceedings of the 36th ACM SIGPLAN Conference on Programming Language Design and Implementation},
  pages = {336–345},
  series = {PLDI '15}
}

@inproceedings{BogdanasPOPL15,
    author = "Bogd\u{a}na\c{s}, Denis and Ro\c{s}u, Grigore",
    publisher = "ACM",
    doi = {10.1145/2676726.2676982},
    title = {K-{Java}: A complete semantics of {Java}},
    booktitle = "Proceedings of the 42nd Symposium on Principles of Programming Languages (POPL'15)",
    month = "January",
    year = "2015",
    pages = "445-456"
}

@inproceedings{ParkPLDI15,
  author = {Park, Daejun and Stef\u{a}nescu, Andrei and Ro\c{s}u, Grigore},
  title = {KJS: A complete formal semantics of JavaScript},
  year = {2015},
  isbn = {9781450334686},
  publisher = {Association for Computing Machinery},
  address = {New York, NY, USA},
  doi = {10.1145/2737924.2737991},
  booktitle = {Proceedings of the 36th ACM SIGPLAN Conference on Programming Language Design and Implementation},
  pages = {346–356},
  numpages = {11},
  location = {Portland, OR, USA},
  series = {PLDI '15}
}
@inproceedings{HildenbrandtCSF18,
  author={E. {Hildenbrandt} and M. {Saxena} and N. {Rodrigues} and X. {Zhu} and P. {Daian} and D. {Guth} and B. {Moore} and D. {Park} and Y. {Zhang} and A. {Stefanescu} and G. {Rosu}},
  booktitle={2018 IEEE 31st Computer Security Foundations Symposium (CSF)},
  title={{KEVM}: A complete formal semantics of the {Ethereum Virtual Machine}},
  year={2018},
  pages={204-217},
  doi={10.1109/CSF.2018.00022}}
}

@misc{AHAUrl,
  title={American Heart Association Emergency Cardiovascular Care},
  url={https://cpr.heart.org/en/resuscitation-science/cpr-and-ecc-guidelines/algorithms}
}

@inproceedings{MeseguerACM91,
  author = {Meseguer, Jos\'{e}},
  title = {Rewriting as a unified model of concurrency},
  year = {1991},
  isbn = {0897914112},
  publisher = {Association for Computing Machinery},
  address = {New York, NY, USA},
  doi = {10.1145/127056.127091},
  booktitle = {Proceedings of the Workshop on Object-Based Concurrent Programming},
  pages = {86–88},
  numpages = {3},
  location = {Ottawa, Canada},
  series = {OOPSLA/ECOOP '90}
}

@article{KawamotoBMJ05,
  title={Improving clinical practice using clinical decision support systems: a systematic review of trials to identify features critical to success},
  author={Kawamoto, Kensaku and Houlihan, Caitlin A and Balas, E Andrew and Lobach, David F},
  journal={The BMJ},
  volume={330},
  number={7494},
  pages={765},
  year={2005},
  doi={10.1136/bmj.38398.500764.8F}
}
@article{ShortliffeJAMA18,
  title={Clinical decision support in the era of artificial intelligence},
  author={Shortliffe, Edward H and Sep{\'u}lveda, Martin J},
  journal={Journal of American Medical Association},
  volume={320},
  number={21},
  pages={2199--2200},
  year={2018},
  publisher={American Medical Association},
  doi={10.1001/jama.2018.17163 }
}
@article{SamwaldJBI12,
  title={The Arden Syntax standard for clinical decision support: experiences and directions},
  author={Samwald, Matthias and Fehre, Karsten and De Bruin, Jeroen and Adlassnig, Klaus-Peter},
  journal={Journal of Biomedical Informatics},
  volume={45},
  number={4},
  pages={711--718},
  year={2012},
  publisher={Elsevier},
  doi={10.1016/j.jbi.2012.02.001}
}

@article{FoxCMP97,
  title={PROforma: a general technology for clinical decision support systems},
  author={Fox, John and Johns, Nicky and Lyons, Colin and Rahmanzadeh, Ali and Thomson, Richard and Wilson, Peter},
  journal={Computer Methods and Programs in Biomedicine},
  volume={54},
  number={1-2},
  pages={59--67},
  year={1997},
  publisher={Elsevier},
  doi={10.1016/s0169-2607(97)00034-5}
}

@article{RahmaniherisTR16,
  title={Model-driven Design of clinical guidance systems},
  author={Maryam Rahmaniheris and Yu Jiang and Lui Sha},
  journal={ArXiv},
  year={2016},
  volume={abs/1610.06895}
}

@article{Eisenberg2021JP,
  title={Comparison of manual and automated sepsis screening tools in a pediatric emergency department},
  author={Eisenberg, Matthew and Freiman, Eli and Capraro, Andrew and Madden, Kate and Monuteaux, Michael C and Hudgins, Joel and Harper, Marvin},
  journal={Pediatrics},
  volume={147},
  number={2},
  year={2021},
  publisher={American Academy of Pediatrics}
}

@article{Weiss2014CCM,
  title={Delayed antimicrobial therapy increases mortality and organ dysfunction duration in pediatric sepsis},
  author={Weiss, Scott L and Fitzgerald, Julie C and Balamuth, Fran and Alpern, Elizabeth R and Lavelle, Jane and Chilutti, Marianne and Grundmeier, Robert and Nadkarni, Vinay M and Thomas, Neal J},
  journal={Critical Care Medicine},
  volume={42},
  number={11},
  pages={2409},
  year={2014},
  publisher={NIH Public Access}
}

@article{Evans2018JAMA,
  title={Association between the New York sepsis care mandate and in-hospital mortality for pediatric sepsis},
  author={Evans, Idris VR and Phillips, Gary S and Alpern, Elizabeth R and Angus, Derek C and Friedrich, Marcus E and Kissoon, Niranjan and Lemeshow, Stanley and Levy, Mitchell M and Parker, Margaret M and Terry, Kathleen M and others},
  journal={Journal of American Medicine (JAMA)},
  volume={320},
  number={4},
  pages={358--367},
  year={2018},
  publisher={American Medical Association}
}
@article{Goldstein2005PCCM,
  title={International pediatric sepsis consensus conference: definitions for sepsis and organ dysfunction in pediatrics},
  author={Goldstein, Brahm and Giroir, Brett and Randolph, Adrienne and others},
  journal={Pediatric Critical Care Medicine},
  volume={6},
  number={1},
  pages={2--8},
  year={2005},
  publisher={LWW}
}

@article{Balamuth2017EM,
  title={Improving recognition of pediatric severe sepsis in the emergency department: contributions of a vital sign--based electronic alert and bedside clinician identification},
  author={Balamuth, Fran and Alpern, Elizabeth R and Abbadessa, Mary Kate and Hayes, Katie and Schast, Aileen and Lavelle, Jane and Fitzgerald, Julie C and Weiss, Scott L and Zorc, Joseph J},
  journal={Annals of Emergency Medicine},
  volume={70},
  number={6},
  pages={759--768},
  year={2017},
  publisher={Elsevier}
}

@article{Sepanski2014FP,
  title={Designing a pediatric severe sepsis screening tool},
  author={Sepanski, Robert J and Godambe, Sandip A and Mangum, Christopher D and Bovat, Christine S and Zaritsky, Arno L and Shah, Samir H},
  journal={Frontiers in Pediatrics},
  volume={2},
  pages={56},
  year={2014},
  publisher={Frontiers Media SA}
}
@article{Carcillo2002CCM,
  title={Clinical practice parameters for hemodynamic support of pediatric and neonatal patients in septic shock},
  author={Carcillo, Joseph A and Fields, Alan I and others},
  journal={Critical Care Medicine},
  volume={30},
  number={6},
  pages={1365--1378},
  year={2002},
  publisher={LWW}
}

@misc{AHAFlowcharts,
  title = {{CPR and Emergency Cardiovascular Care Algorithms}},
  author= {{American Heart Association (AHA)}},
  howpublished = {\url{https://cpr.heart.org/en/resuscitation-science/cpr-and-ecc-guidelines/algorithms}}
}

@misc{CancerCareFlowcharts,
  title = {{Clinical Practice Algorithms}},
  author = {{MD Anderson Cancer Center}},
  howpublished = {\url{https://www.mdanderson.org/for-physicians/clinical-tools-resources/clinical-practice-algorithms.html}}
}
@misc{jsonUrl,
  title = {ECMA-404 The JSON Data Interchange Standard.},
  url = {https://www.json.org/json-en.html}
}
@misc{medikUrl,
  title = {The {K} Semantics of {MediK}},
  URL = {https://github.com/fmcad-78/medik-semantics.git}
}

@misc{psepsis-url,
  title = {Sepsis Screening and Management Application},
  URL = {https://github.com/fmcad-78/psepsis.git}
}
@article{EisenbergAAP21,
    author = {Eisenberg, Matthew and Freiman, Eli and Capraro, Andrew and Madden, Kate and Monuteaux, Michael C. and Hudgins, Joel and Harper, Marvin},
    title = "{Comparison of Manual and Automated Sepsis Screening Tools in a Pediatric Emergency Department}",
    journal = {Pediatrics},
    volume = {147},
    number = {2},
    year = {2021},
    month = {02},
    abstract = "{10.1542/6209695215001Video AbstractPEDS-VA\_2020-0225906209695215001To compare the performance and test characteristics of an automated sepsis screening tool with that of a manual sepsis screen in patients presenting to a pediatric emergency department (ED).We conducted a retrospective cohort study of encounters in a pediatric ED over a 2-year period. The automated sepsis screening algorithm replaced the manual sepsis screen 1 year into the study. A positive case was defined as development of severe sepsis or septic shock within 24 hours of disposition from the ED. We calculated the sensitivity, specificity, positive predictive value (PPV), negative predictive value (NPV), and positive and negative likelihood ratios with 95\\% confidence intervals (CIs) for each.There were 122 221 ED encounters during the study period and 273 cases of severe sepsis. During year 1 of the study, the manual screen was performed in 8910 of 61 026 (14.6\\%) encounters, resulting in the following test characteristics: sensitivity of 64.6\\% (95\\% CI 54.2\\%–74.1\\%), specificity of 91.1\\% (95\\% CI 90.5\\%–91.7\\%), PPV of 7.3\\% (95\\% CI 6.3\\%–8.5\\%), and NPV of 99.6\\% (95\\% CI 99.5\\%–99.7\\%). During year 2 of the study, the automated screen was performed in 100\\% of 61 195 encounters, resulting in the following test characteristics: sensitivity of 84.6\\% (95\\% CI 77.4\\%–90.2\\%), specificity of 95.1\\% (95\\% CI 94.9\\%–95.2\\%), PPV of 3.7\\% (95\\% CI 3.4\\%–4\\%), and NPV of 99.9\\% (95\\% CI 99.9\\%–100\\%).An automated sepsis screening algorithm had higher sensitivity and specificity than a widely used manual sepsis screen and was performed on 100\\% of patients in the ED, ensuring continuous sepsis surveillance throughout the ED stay.}",
    issn = {0031-4005},
    doi = {10.1542/peds.2020-022590},
    url = {https://doi.org/10.1542/peds.2020-022590},
    note = {e2020022590},
    eprint = {https://publications.aap.org/pediatrics/article-pdf/147/2/e2020022590/1082703/peds\_2020022590.pdf},
}

@article{AndersenJAMA19,
    author = {Andersen, Lars W. and Holmberg, Mathias J. and Berg, Katherine M. and Donnino, Michael W. and Granfeldt, Asger},
    title = "{In-Hospital Cardiac Arrest: A Review}",
    journal = {JAMA},
    volume = {321},
    number = {12},
    pages = {1200-1210},
    year = {2019},
    month = {03},
    abstract = "{In-hospital cardiac arrest is common and associated with a high mortality rate. Despite this, in-hospital cardiac arrest has received little attention compared with other high-risk cardiovascular conditions, such as stroke, myocardial infarction, and out-of-hospital cardiac arrest.In-hospital cardiac arrest occurs in over 290 000 adults each year in the United States. Cohort data from the United States indicate that the mean age of patients with in-hospital cardiac arrest is 66 years, 58\\% are men, and the presenting rhythm is most often (81\\%) nonshockable (ie, asystole or pulseless electrical activity). The cause of the cardiac arrest is most often cardiac (50\\%-60\\%), followed by respiratory insufficiency (15\\%-40\\%). Efforts to prevent in-hospital cardiac arrest require both a system for identifying deteriorating patients and an appropriate interventional response (eg, rapid response teams). The key elements of treatment during cardiac arrest include chest compressions, ventilation, early defibrillation, when applicable, and immediate attention to potentially reversible causes, such as hyperkalemia or hypoxia. There is limited evidence to support more advanced treatments. Post–cardiac arrest care is focused on identification and treatment of the underlying cause, hemodynamic and respiratory support, and potentially employing neuroprotective strategies (eg, targeted temperature management). Although multiple individual factors are associated with outcomes (eg, age, initial rhythm, duration of the cardiac arrest), a multifaceted approach considering both potential for neurological recovery and ongoing multiorgan failure is warranted for prognostication and clinical decision-making in the post–cardiac arrest period. Withdrawal of care in the absence of definite prognostic signs both during and after cardiac arrest should be avoided. Hospitals are encouraged to participate in national quality-improvement initiatives.An estimated 290 000 in-hospital cardiac arrests occur each year in the United States. However, there is limited evidence to support clinical decision making. An increased awareness with regard to optimizing clinical care and new research might improve outcomes.}",
    issn = {0098-7484},
    doi = {10.1001/jama.2019.1696},
    url = {https://doi.org/10.1001/jama.2019.1696},
    eprint = {https://jamanetwork.com/journals/jama/articlepdf/2728930/jama\_andersen\_2019\_rv\_190002.pdf},
}

@misc{acls-url,
  title = {Advanced Cardiac Life Support Algorithms},
  url = {https://cpr.heart.org/en/resuscitation-science/cpr-and-ecc-guidelines/algorithms}
}

@misc{ClinicalDecisionSupportURL,
  title = {Implementing Clinical Decision Support Systems},
  url = {https://www.cdc.gov/dhdsp/pubs/guides/best-practices/clinical-decision-support.htm}
}

@book{FieldClinical90,
  title={Clinical practice guidelines},
  author={Field, Marilyn J and Lohr, Kathleen N and others},
  journal={Directions for a new program},
  pages={1990},
  year={1990},
  publisher={National Academies Press (US) Washington, DC, USA}
}

@article{AHAGuidelinePed,
  title={Part 4: Pediatric basic and advanced life support: 2020 American Heart Association guidelines for cardiopulmonary resuscitation and emergency cardiovascular care},
  author={Topjian, Alexis A and Raymond, Tia T and Atkins, Dianne and Chan, Melissa and Duff, Jonathan P and Joyner Jr, Benny L and Lasa, Javier J and Lavonas, Eric J and Levy, Arielle and Mahgoub, Melissa and others},
  journal={Circulation},
  volume={142},
  number={16\_Suppl\_2},
  pages={S469--S523},
  year={2020},
  publisher={American Heart Association}
}

@article{AHAGuidelineAdult,
  title={Part 3: adult basic and advanced life support: 2020 American Heart Association guidelines for cardiopulmonary resuscitation and emergency cardiovascular care},
  author={Panchal, Ashish R and Bartos, Jason A and Caba{\~n}as, Jos{\'e} G and Donnino, Michael W and Drennan, Ian R and Hirsch, Karen G and Kudenchuk, Peter J and Kurz, Michael C and Lavonas, Eric J and Morley, Peter T and others},
  journal={Circulation},
  volume={142},
  number={16\_Suppl\_2},
  pages={S366--S468},
  year={2020},
  publisher={American Heart Association}
}

@article{Ornato2012DeviationAdult,
  title={Impact of resuscitation system errors on survival from in-hospital cardiac arrest},
  author={Ornato, Joseph P and Peberdy, Mary Ann and Reid, Renee D and Feeser, V Ramana and Dhindsa, Harinder S and NRCPR investigators and others},
  journal={Resuscitation},
  volume={83},
  number={1},
  pages={63--69},
  year={2012},
  publisher={Elsevier}
}

@article{Wolfe2020DeviationPediatric,
  title={Deviations from AHA guidelines during pediatric cardiopulmonary resuscitation are associated with decreased event survival},
  author={Wolfe, Heather A and Morgan, Ryan W and Zhang, Bingqing and Topjian, Alexis A and Fink, Ericka L and Berg, Robert A and Nadkarni, Vinay M and Nishisaki, Akira and Mensinger, Janell and Sutton, Robert M and others},
  journal={Resuscitation},
  volume={149},
  pages={89--99},
  year={2020},
  publisher={Elsevier}
}

@article{Crowley2020DeviationAdult,
  title={The association between ACLS guideline deviations and outcomes from in-hospital cardiac arrest},
  author={Crowley, Conor P and Salciccioli, Justin D and Kim, Edy Y},
  journal={Resuscitation},
  volume={153},
  pages={65--70},
  year={2020},
  publisher={Elsevier}
}

@article{Honarmand2018Adherence,
  title={Adherence to advanced cardiovascular life support (ACLS) guidelines during in-hospital cardiac arrest is associated with improved outcomes},
  author={Honarmand, Kimia and Mepham, Chantal and Ainsworth, Craig and Khalid, Zahira},
  journal={Resuscitation},
  volume={129},
  pages={76--81},
  year={2018},
  publisher={Elsevier}
}

@article{Mcevoy2014Adherence,
  title={The effect of adherence to ACLS protocols on survival of event in the setting of in-hospital cardiac arrest},
  author={McEvoy, Matthew D and Field, Larry C and Moore, Haley E and Smalley, Jeremy C and Nietert, Paul J and Scarbrough, Sheila H},
  journal={Resuscitation},
  volume={85},
  number={1},
  pages={82--87},
  year={2014},
  publisher={Elsevier}
}

@misc{FullCodePro,
    title={Full code pro},
    url={https://cpr.heart.org/en/cpr-courses-and-kits/healthcare-professional/full-code-pro},
    journal={cpr.heart.org},
    author={American Heart Association, Inc},
    year={2021},
    month={Oct}
}

@article{PediAppRREST2020,
  title={Development and usability of a novel interactive tablet APP (PediAppRREST) to support the management of pediatric cardiac arrest: pilot high-fidelity simulation-based study},
  author={Corazza, Francesco and Snijders, Deborah and Arpone, Marta and Stritoni, Valentina and Martinolli, Francesco and Daverio, Marco and Losi, Maria Giulia and Soldi, Luca and Tesauri, Francesco and Da Dalt, Liviana and others},
  journal={JMIR mHealth and uHealth},
  volume={8},
  number={10},
  pages={e19070},
  year={2020},
  publisher={JMIR Publications Inc., Toronto, Canada}
}

@article{PediAppRREST2021,
  title={PediAppRREST: effectiveness of an interactive cognitive support tablet app in reducing deviations from guidelines in the management of paediatric cardiac arrest: protocol for a simulation-based randomised controlled trial},
  author={Corazza, Francesco and Arpone, Marta and Snijders, Deborah and Cheng, Adam and Stritoni, Valentina and Ingrassia, Pier Luigi and De Luca, Marco and Tortorolo, Luca and Frigo, Anna Chiara and Da Dalt, Liviana and others},
  journal={BMJ open},
  volume={11},
  number={7},
  pages={e047208},
  year={2021},
  publisher={British Medical Journal Publishing Group}
}

@article{GuidingPad2017,
  title={Adherence to AHA guidelines when adapted for augmented reality glasses for assisted pediatric cardiopulmonary resuscitation: a randomized controlled trial},
  author={Siebert, Johan N and Ehrler, Frederic and Gervaix, Alain and Haddad, Kevin and Lacroix, Laurence and Schrurs, Philippe and Sahin, Ayhan and Lovis, Christian and Manzano, Sergio},
  journal={J Med Internet Res},
  volume={19},
  number={5},
  pages={e183},
  year={2017}
}

@article{GuidingPad2019,
  title={A mobile device application to reduce medication errors and time to drug delivery during simulated paediatric cardiopulmonary resuscitation: a multicentre, randomised, controlled, crossover trial},
  author={Siebert, Johan N and Ehrler, Fr{\'e}d{\'e}ric and Combescure, Christophe and Lovis, Christian and Haddad, Kevin and Hugon, Florence and Luterbacher, Fanny and Lacroix, Laurence and Gervaix, Alain and Manzano, Sergio and others},
  journal={The Lancet Child \& Adolescent Health},
  volume={3},
  number={5},
  pages={303--311},
  year={2019},
  publisher={Elsevier}
}

@article{GuidingPad2020,
  title={The impact of a tablet APP on adherence to American heart association guidelines during simulated pediatric cardiopulmonary resuscitation: randomized controlled trial},
  author={Siebert, Johan N and Lacroix, Laurence and Cantais, Aymeric and Manzano, Sergio and Ehrler, Frederic},
  journal={Journal of medical Internet research},
  volume={22},
  number={5},
  pages={e17792},
  year={2020},
  publisher={JMIR Publications Inc., Toronto, Canada}
}

@article{DST2014,
  title={Use of an electronic decision support tool improves management of simulated in-hospital cardiac arrest},
  author={Field, Larry C and McEvoy, Matthew D and Smalley, Jeremy C and Clark, Carlee A and McEvoy, Michael B and Rieke, Horst and Nietert, Paul J and Furse, Cory M},
  journal={Resuscitation},
  volume={85},
  number={1},
  pages={138--142},
  year={2014},
  publisher={Elsevier}
}

@article{DST2019,
  title={Use of an Electronic Decision Support Tool Improves Team Performance During in-situ Simulation of In-hospital Cardiac Arrest},
  author={Chang, Rachel S and Kam, Sharon and Angaramo, Santiago and McEvoy, Matthew D and Raymond, Britany},
  journal={Circulation},
  volume={140},
  number={Suppl\_1},
  pages={A10151--A10151},
  year={2019},
  publisher={Am Heart Assoc}
}

@article{ROSCo2021,
  title={Innovation in resuscitation: A novel clinical decision display system for advanced cardiac life support},
  author={Crabb, David B and Hurwitz, Joshua E and Reed, Austin C and Smith, Zachary J and Martin, Emmett T and Tyndall, J Adrian and Taasan, Michael V and Plourde, Michelle A and Beattie, Lars K},
  journal={The American Journal of Emergency Medicine},
  volume={43},
  pages={217--223},
  year={2021},
  publisher={Elsevier}
}

@article{TeamScreen2019,
  title={Does electronic decision support influence advanced life support in simulated cardiac arrest?},
  author={Jones, Ian and Ann Hayes, Julie and Williams, Janet and Lonsdale, Hannah},
  journal={British Journal of Cardiac Nursing},
  volume={14},
  number={2},
  pages={72--79},
  year={2019},
  publisher={MA Healthcare London}
}

@article{Wu2017,
  title={Supporting emergency medical care teams with an integrated status display providing real-time access to medical best practices, workflow tracking, and patient data},
  author={Wu, PoLiang and Nam, Min-Young and Choi, Jeonghwan and Kirlik, Alex and Sha, Lui and Berlin, Richard B},
  journal={Journal of medical systems},
  volume={41},
  number={12},
  pages={1--19},
  year={2017},
  publisher={Springer}
}

@article{BenettJAMIA16,
    author = {Bennett, Paula and Hardiker, Nicholas R},
    title = "{The use of computerized clinical decision support systems in emergency care: a substantive review of the literature}",
    journal = {Journal of the American Medical Informatics Association (JAMIA)},
    volume = {24},
    number = {3},
    pages = {655-668},
    year = {2016},
    month = {12},
    doi = {10.1093/jamia/ocw151},
}

@article{SahotaJIS11,
  author = {Sahota, Navdeep and Lloyd, Rob and Ramakrishna, Anita and Mackay, Jean and Prorok, Jeanette and Weise-Kelly, Lorraine and Navarro-Ruan, Tamara and Wilczynski, Nancy and Haynes, bhaynes@mcmaster.ca},
  year = {2011},
  month = {08},
  pages = {91},
  title = {Computerized clinical decision support systems for acute care management: A decision-maker-researcher partnership systematic review of effects on process of care and patient outcomes},
  volume = {6},
  journal = {Implementation Science (IS)},
  doi = {10.1186/1748-5908-6-91}
}

@article{RandJAMA99,
  title={Why don’t physicians follow clinical practice guidelines},
  author={Rand, C and Powe, N and Wu, AW and Wilson, MH},
  journal={Journal of the American Medical Association (JAMA)},
  volume={282},
  pages={14581465},
  year={1999}
}

@article{DavisCMAJ97,
  title={Translating guidelines into practice: a systematic review of theoretic concepts, practical experience and research evidence in the adoption of clinical practice guidelines},
  author={Davis, David A and Taylor-Vaisey, Anne},
  journal={Canadian Medical Association Journal (CMAJ)},
  volume={157},
  number={4},
  pages={408--416},
  year={1997},
}

@article{KwokEMA09,
  title={Improving adherence to asthma clinical guidelines and discharge documentation from emergency departments: implementation of a dynamic and integrated electronic decision support system},
  author={Kwok, Raymond and Dinh, Michael and Dinh, David and Chu, Matthew},
  journal={Emergency Medicine Australasia},
  volume={21},
  number={1},
  pages={31--37},
  year={2009},
}

@article{PelegJBI13,
  title={Computer-interpretable clinical guidelines: A methodological review},
  author={Mor Peleg},
  keywords={Computer-interpretable clinical guidelines, Clinical practice guidelines, Knowledge representation, Decision-support systems},
  journal={Journal of Biomedical Informatics (JBI)},
  volume={46},
  number={4},
  pages={744-763},
  year={2013},
  issn={1532-0464},
  doi={https://doi.org/10.1016/j.jbi.2013.06.009}
}

@inproceedings{PelegAMIA00,
  title={GLIF3: the evolution of a guideline representation format.},
  author={Peleg, Mor and Boxwala, Aziz A and Ogunyemi, Omolola and Zeng, Qing and Tu, Samson and Lacson, Ronilda and Bernstam, Elmer and Ash, Nachman and Mork, Peter and Ohno-Machado, Lucila and others},
  booktitle={Proceedings of the AMIA Symposium},
  pages={645},
  year={2000},
  organization={American Medical Informatics Association}
}

@article{BoxwalaJBI04,
  title={GLIF3: a representation format for sharable computer-interpretable clinical practice guidelines},
  author={Boxwala, Aziz A and Peleg, Mor and Tu, Samson and Ogunyemi, Omolola and Zeng, Qing T and Wang, Dongwen and Patel, Vimla L and Greenes, Robert A and Shortliffe, Edward H},
  journal={Journal of Biomedical Informatics (JBI)},
  volume={37},
  number={3},
  pages={147--161},
  year={2004},
  publisher={Elsevier}
}

@article{SamwaldJBI12,
  title = {The Arden Syntax standard for clinical decision support: Experiences and directions},
  journal = {Journal of Biomedical Informatics},
  volume = {45},
  number = {4},
  pages = {711-718},
  year = {2012},
  issn = {1532-0464},
  doi = {https://doi.org/10.1016/j.jbi.2012.02.001},
  author = {Matthias Samwald and Karsten Fehre and Jeroen {de Bruin} and Klaus-Peter Adlassnig},
}

@article{HripcsakCBM94,
  title={Writing Arden Syntax medical logic modules},
  author={Hripcsak, George},
  journal={Computers in biology and medicine},
  volume={24},
  number={5},
  pages={331--363},
  year={1994},
  publisher={Elsevier}
}
@article{PelegJBI01,
  title={Sharable representation of clinical guidelines in GLIF: relationship to the Arden Syntax},
  author={Peleg, Mor and Boxwala, Aziz A and Bernstam, Elmer and Tu, Samson and Greenes, Robert A and Shortliffe, Edward H},
  journal={Journal of biomedical informatics},
  volume={34},
  number={3},
  pages={170--181},
  year={2001},
  publisher={Elsevier}
}
@article{SuttonAMIA03,
  title={{The syntax and semantics of the PROforma guideline modeling language}},
  author={Sutton, David R and Fox, John},
  journal={Journal of the American Medical Informatics Association (AMIA)},
  volume={10},
  number={5},
  pages={433--443},
  year={2003},
  publisher={BMJ Group BMA House, Tavistock Square, London, WC1H 9JR}
}

@InProceedings{BaumlerSPIN06,
  author="B{\"a}umler, Simon
  and Balser, Michael
  and Dunets, Andriy
  and Reif, Wolfgang
  and Schmitt, Jonathan",
  editor="Valmari, Antti",
  title="Verification of Medical Guidelines by Model Checking -- A Case Study",
  booktitle="Model Checking Software",
  year="2006",
  publisher="Springer Berlin Heidelberg",
  pages="219--233",
  isbn="978-3-540-33103-2"
}

@inproceedings{ShaharAMIA96,
  title={An intention-based language for representing clinical guidelines.},
  author={Shahar, Yuval and Miksch, Silvia and Johnson, Peter},
  booktitle={Proceedings of the AMIA Annual Fall Symposium},
  pages={592},
  year={1996},
  organization={American Medical Informatics Association}
}

@incollection{TuSAGE04,
  title={The SAGE guideline modeling: motivation and methodology},
  author={Tu, Samson W and Campbell, James and Musen, Mark A},
  booktitle={Computer-based Support for Clinical Guidelines and Protocols},
  pages={167--171},
  year={2004},
  publisher={IOS Press}
}

@inproceedings{NoyAMIA03,
  title={Prot{\'e}g{\'e}-2000: an open-source ontology-development and knowledge-acquisition environment.},
  author={Noy, Natalya Fridman and Crub{\'e}zy, Monica and Fergerson, Ray W and Knublauch, Holger and Tu, Samson W and Vendetti, Jennifer and Musen, Mark A},
  booktitle={AMIA... annual symposium proceedings. AMIA Symposium},
  pages={953--953},
  year={2003}
}

@inproceedings{BakRTAS09,
  title={The system-level simplex architecture for improved real-time embedded system safety},
  author={Bak, Stanley and Chivukula, Deepti K and Adekunle, Olugbemiga and Sun, Mu and Caccamo, Marco and Sha, Lui},
  booktitle={2009 15th IEEE Real-Time and Embedded Technology and Applications Symposium},
  pages={99--107},
  year={2009},
  organization={IEEE}
}

@inproceedings{GiordanoAMIA06,
  title={Model checking for clinical guidelines: an agent-based approach},
  author={Giordano, Laura and Terenziani, Paolo and Bottrighi, Alessio and Montani, Stefania and Donzella, Loredana},
  booktitle={Amia annual symposium proceedings},
  volume={2006},
  pages={289},
  year={2006},
  organization={American Medical Informatics Association}
}

@incollection{TerenzianiBook04,
  title={The GLARE approach to clinical guidelines: main features},
  author={Terenziani, Paolo and Montani, Stefania and Bottrighi, Alessio and Torchio, Mauro and Molino, Gianpaolo and Correndo, Gianluca},
  booktitle={Computer-based Support for Clinical Guidelines and Protocols},
  pages={162--166},
  year={2004},
  publisher={IOS Press}
}

@INPROCEEDINGS{ArcainiMEMCODE15,
  author={Arcaini, Paolo and Bonfanti, Silvia and Gargantini, Angelo and Mashkoor, Atif and Riccobene, Elvinia},
  booktitle={2015 ACM/IEEE International Conference on Formal Methods and Models for Codesign (MEMOCODE)},
  title={Formal validation and verification of a medical software critical component},
  year={2015},
  volume={},
  number={},
  pages={80-89},
  doi={10.1109/MEMCOD.2015.7340473}
}

@book{DonaldsonBook00,
  title={To err is human: building a safer health system},
  author={Donaldson, Molla S and Corrigan, Janet M and Kohn, Linda T and others},
  year={2000},
  publisher={National Academies Press}
}

@article{ClerqAIM03,
  title={Approaches for creating computer-interpretable guidelines that facilitate decision support},
  author={De Clercq, Paul A and Blom, Johannes A and Korsten, Hendrikus HM and Hasman, Arie},
  journal={Artificial Intelligence in Medicine (AIM)},
  volume={31},
  number={1},
  pages={1--27},
  year={2004},
  publisher={Elsevier}
}

@article{JamesNEJM01,
  title={Making it easy to do it right},
  author={James, Brent C},
  journal={New England Journal of Medicine (NEJM)},
  volume={345},
  number={13},
  pages={991--993},
  year={2001},
}

@book{KubbenBook19,
  title={Fundamentals of clinical data science},
  author={Kubben, Pieter and Dumontier, Michel and Dekker, Andre},
  year={2019},
  publisher={Springer}
}

@article{SuttonNature20,
  title={An overview of clinical decision support systems: benefits, risks, and strategies for success},
  author={Sutton, Reed T and Pincock, David and Baumgart, Daniel C and Sadowski, Daniel C and Fedorak, Richard N and Kroeker, Karen I},
  journal={npj Digital Medicine},
  volume={3},
  number={1},
  pages={17},
  year={2020},
  publisher={Nature Publishing Group}
}

@inproceedings{DesaiPLDI13,
author = {Desai, Ankush and Gupta, Vivek and Jackson, Ethan and Qadeer, Shaz and Rajamani, Sriram and Zufferey, Damien},
title = {P: Safe Asynchronous Event-Driven Programming},
year = {2013},
isbn = {9781450320146},
publisher = {Association for Computing Machinery},
address = {New York, NY, USA},
url = {https://doi.org/10.1145/2491956.2462184},
doi = {10.1145/2491956.2462184},
booktitle = {Proceedings of the 34th ACM SIGPLAN Conference on Programming Language Design and Implementation},
pages = {321–332},
series = {PLDI '13}
}
@article{AhsaniFrontiers22,
  title={Interventions to reduce the incidence of medical error and its financial burden in health care systems: A systematic review of systematic reviews},
  author={Ahsani-Estahbanati, Ehsan and Sergeevich Gordeev, Vladimir and Doshmangir, Leila},
  journal={Frontiers in Medicine},
  volume={9},
  pages={875426},
  year={2022},
  publisher={Frontiers Media SA}
}

@book{RodziewiczStatsPearls18,
	Title = {Medical Error Reduction and Prevention},
	Author = {Rodziewicz, Thomas L. and Houseman, Benjamin and Hipskind, John E.},
	Publisher = {StatPearls Publishing, Treasure Island (FL)},
	Year = {2022},
	URL = {http://europepmc.org/books/NBK499956},
  title={Medical error reduction and prevention},
  author={Rodziewicz, Thomas L and Houseman, Benjamin and Hipskind, John E},
  year={2018}
}

@article{AndelJHCF12,
  title={The economics of health care quality and medical errors},
  author={Andel, Charles and Davidow, Stephen L and Hollander, Mark and Moreno, David A},
  journal={Journal of health care finance},
  volume={39},
  number={1},
  pages={39},
  year={2012}
}

@book{SteinbergNAP11,
  title={Clinical practice guidelines we can trust},
  author={Steinberg, Earl and Greenfield, Sheldon and Wolman, Dianne Miller and Mancher, Michelle and Graham, Robin and others},
  year={2011},
  publisher={National Academies Press}
}
@article{GargJAMA06,
  title={Effects of computerized clinical decision support systems on practitioner performance and patient outcomes: a systematic review},
  author={Garg, Amit X and Adhikari, Neill KJ and McDonald, Heather and Rosas-Arellano, M Patricia and Devereaux, Philip J and Beyene, Joseph and Sam, Justina and Haynes, R Brian},
  journal={Journal of the American Medical Association (JAMA)},
  volume={293},
  number={10},
  pages={1223--1238},
  year={2005},
}
@article{RhodesICM17,
  title={Surviving sepsis campaign: international guidelines for management of sepsis and septic shock: 2016},
  author={Rhodes, Andrew and Evans, Laura E and Alhazzani, Waleed and Levy, Mitchell M and Antonelli, Massimo and Ferrer, Ricard and Kumar, Anand and Sevransky, Jonathan E and Sprung, Charles L and Nunnally, Mark E and others},
  journal={Intensive Care Medicine},
  volume={43},
  pages={304--377},
  year={2017},
  publisher={Springer}
}
@inproceedings{Nam17,
  title={{Optimizing Strategies for Clinical Decision Support}},
  editor={Lopez MH, Weingarten S, Teich JM and others},
  booktitle={The Learning Health Systems Series},
  organization={National Academy of Medicine},
  year={2017},
  publisher={National Academies Press (US)},
  howpublished={\url{https://www.ncbi.nlm.nih.gov/books/NBK594831/}},
  doi={10.17226/27122}
}
@article{BrightAIM12,
  title={Effect of clinical decision-support systems: a systematic review},
  author={Bright, Tiffani J and Wong, Anthony and Dhurjati, Ravi and Bristow, Erin and Bastian, Lori and Coeytaux, Remy R and Samsa, Gregory and Hasselblad, Vic and Williams, John W and Musty, Michael D and others},
  journal={Annals of internal medicine},
  volume={157},
  number={1},
  pages={29--43},
  year={2012},
  publisher={American College of Physicians}
}

@misc{ONCUrl,
  title={About {ONC}},
  author={{Office of the National Coordinator for Health Information Technology (ONC)}},
  howpublished={\url{https://www.healthit.gov/topic/about-onc}}
}

@book{OsheroffBook12,
  title={Improving outcomes with clinical decision support: an implementer's guide},
  author={Osheroff, Jerome A and Teich, Jonathan and Levick, Donald and Saldana, Luis and Velasco, Ferdinand and Sittig, Dean and Rogers, Kendall and Jenders, Robert},
  year={2012},
  publisher={Himss Publishing}
}
@misc{ONCCDSUrl,
  title={Clinical Decision Support},
  howpublished={\url{https://www.healthit.gov/topic/safety/clinical-decision-support}}
}
@misc{AHRQCDSUrl,
  title={{Clinical Decision Support}},
  subtitle={{Accelerating evidence into practice through CDS}},
  author={{Agency for Health Research and Quality}},
  howpublished={\url{https://cds.ahrq.gov}}
}
@misc{PCAST23,
  title={{ PCAST Releases Report on Transforming Patient Safety }},
  author={{ President's Council on Science and Technology }},
  howpublished={\url{https://www.whitehouse.gov/pcast/briefing-room/2023/09/07/pcast-releases-report-on-transforming-patient-safety/}}
}
@inproceedings{SaxenaFMCAD23,
  title={{MediK: Towards Safe Guideline-based Clinical Decision Support}},
  author={Saxena, Manasvi and Song, Shuang and Sha, Lui},
  booktitle={2023 Formal Methods in Computer-Aided Design (FMCAD)},
  pages={306--317},
  year={2023},
  organization={IEEE}
}
@misc{HITECHUrl09,
  title={{HITECH Act Enforcement Interim Final Rule}},
  author={{Department of Health and Human Services (HHS)}},
  howpublished={\url{https://www.hhs.gov/hipaa/for-professionals/special-topics/hitech-act-enforcement-interim-final-rule/index.html}}
}
@misc{FDAGuidance23,
  title={{Clinical Decision Support Software}},
  subtitle={{Guidance for Industry and Food and Drug Administration Staff}},
  author={{Food and Drug Administration (FDA)}},
  howpublished={\url{https://www.fda.gov/regulatory-information/search-fda-guidance-documents/clinical-decision-support-software}}
}


@article{WeissmanJHM21,
  title={{FDA regulation of predictive clinical decision-support tools: what does it mean for hospitals?}},
  author={Weissman, Gary E},
  journal={Journal of Hospital Medicine},
  volume={16},
  number={4},
  pages={244},
  year={2021},
  publisher={Frontline Medical Communications}
}
@misc{KframeworkUrl,
  title={{The K Framework}},
  howpublished={\url{https://kframework.org}}
}

@misc{SAMDUrl,
  title={{Software as a Medical Device (SaMD)}},
  author={{Food and Drug Administration (FDA)}},
  howpublished={\url{https://www.fda.gov/medical-devices/digital-health-center-excellence/software-medical-device-samd}}
}
@inproceedings{ParkFSE18,
  title={A formal verification tool for Ethereum VM bytecode},
  author={Park, Daejun and Zhang, Yi and Saxena, Manasvi and Daian, Philip and Ro{\c{s}}u, Grigore},
  booktitle={Proceedings of the 2018 26th ACM joint meeting on european software engineering conference and symposium on the foundations of software engineering},
  pages={912--915},
  year={2018}
}

@article{StefanescuOOPSLA16,
  title={Semantics-based program verifiers for all languages},
  author={Stef{\u{a}}nescu, Andrei and Park, Daejun and Yuwen, Shijiao and Li, Yilong and Ro{\c{s}}u, Grigore},
  journal={ACM SIGPLAN Notices},
  volume={51},
  number={10},
  pages={74--91},
  year={2016},
  publisher={ACM New York, NY, USA}
}
@book{MaudeBook,
  title={All about maude-a high-performance logical framework: how to specify, program, and verify systems in rewriting logic},
  author={Clavel, Manuel and Dur{\'a}n, Francisco and Eker, Steven and Lincoln, Patrick and Mart{\'\i}-Oliet, Narciso and Meseguer, Jos{\'e} and Talcott, Carolyn},
  volume={4350},
  year={2007},
  publisher={Springer}
}
@misc{CASTUrl,
  title={{Commercial Aviation Safety Team}},
  howpublished={\url{https://www.cast-safety.org/apex/f?p=102:1}}
}
@misc{CockpitAutomationSkybraryURL,
  title={{Cockpit Automation - Advantages and Safety Challenges}},
  howpublished={\url{https://skybrary.aero/articles/cockpit-automation-advantages-and-safety-challenges}}
}
@misc{TCASUrl,
  title={{Traffic Alert and Collision Avoidance System (TCAS)}},
  author={{National Business Aviation Association}},
  howpublished={\url{https://nbaa.org/aircraft-operations/communications-navigation-surveillance-cns/tcas/}}
}
@misc{ATMSkybraryUrl,
  title={{Automation and ATM}},
  howpublished={{https://skybrary.aero/articles/automation-and-atm}}
}
@misc{FBWSkybraryUrl,
  title={{Fly-By-Wire}},
  howpublished={\url{https://skybrary.aero/articles/fly-wire}}
}
@misc{CASTSafetySkybrary,
  title={{CAST Safety Enhancements}},
  howpublished={\url{https://skybrary.aero/enhancing-safety/cast-safety-enhancements}}
}
@article{CASTSafetyReport20,
  title={{Improving Aviation Safety}},
  author={{Commercial Aviations Safety Team (CAST)}},
  howpublished={{https://www.cast-safety.org/pdf/2020-AVS-002_Improving_Aviation_Safety_Report_sd25_web.pdf}}
}
@article{GerstleJPS18,
  title={Parallels in safety between aviation and healthcare},
  author={Gerstle, Claudia R},
  journal={Journal of pediatric surgery},
  volume={53},
  number={5},
  pages={875--878},
  year={2018},
  publisher={Elsevier}
}
@book{field1990clinical,
  title={Clinical practice guidelines},
  author={Field, Marilyn J and Lohr, Kathleen N and others},
  journal={Directions for a new program},
  pages={1990},
  year={1990},
  publisher={National Academies Press (US) Washington, DC, USA}
}
@article{DeClerqSHTI08,
  title={Computer-interpretable guideline formalisms},
  author={De Clercq, Paul and Kaiser, Katharina and Hasman, Arie},
  journal={{Studies in Health Technology and Informatics}},
  volume={139},
  pages={22},
  year={2008},
  publisher={Europe PMC Funders}
}
@book{BusseWHO19,
  title={{Improving healthcare quality in Europe: Characteristics, effectiveness and implementation of different strategies}},
  author={{Busse, Reinhard and Klazinga, Niek and Panteli, Dimitra and Quentin, Wilm and World Health Organization and others}},
  year={2019},
  publisher={World Health Organization. Regional Office for Europe}
}
@article{GuerraInjury23,
  title={Clinical practice guidelines: The good, the bad, and the ugly},
  author={Guerra-Farfan, Ernesto and Garcia-Sanchez, Yaiza and Jornet-Gibert, Montsant and Nu{\~n}ez, Jorge H and Balaguer-Castro, Mariano and Madden, Kim},
  journal={Injury},
  volume={54},
  pages={S26--S29},
  year={2023},
  publisher={Elsevier}
}
@article{GuyattAMA92,
  title={Evidence-based medicine: a new approach to teaching the practice of medicine},
  author={Guyatt, Gordon and Cairns, John and Churchill, David and Cook, Deborah and Haynes, Brian and Hirsh, Jack and Irvine, Jan and Levine, Mark and Levine, Mitchell and Nishikawa, Jim and others},
  journal={Jama},
  volume={268},
  number={17},
  pages={2420--2425},
  year={1992},
  publisher={American Medical Association}
}
@article{SackettJPH95,
  title={On the need for evidence-based medicine},
  author={Sackett, David L and Rosenberg, William M C},
  journal={Journal of Public Health},
  volume={17},
  number={3},
  pages={330--334},
  year={1995},
  publisher={Oxford University Press}
}
@article{FritzEJCP12,
  title={Comparative evaluation of three clinical decision support systems: prospective screening for medication errors in 100 medical inpatients},
  author={Fritz, Daniela and Ceschi, Alessandro and Curkovic, Ivanka and Huber, Martin and Egbring, Marco and Kullak-Ublick, Gerd A and Russmann, Stefan},
  journal={European journal of clinical pharmacology},
  volume={68},
  pages={1209--1219},
  year={2012},
  publisher={Springer}
}
@article{GargJAMA05,
  title={Effects of computerized clinical decision support systems on practitioner performance and patient outcomes: a systematic review},
  author={Garg, Amit X and Adhikari, Neill KJ and McDonald, Heather and Rosas-Arellano, M Patricia and Devereaux, Philip J and Beyene, Joseph and Sam, Justina and Haynes, R Brian},
  journal={Jama},
  volume={293},
  number={10},
  pages={1223--1238},
  year={2005},
  publisher={American Medical Association}
}
@article{WellsEJPC08,
  title={Integrated electronic decision support increases cardiovascular disease risk assessment four fold in routine primary care practice},
  author={Wells, Sue and Furness, Sue and Rafter, Natasha and Horn, Elaine and Whittaker, Robyn and Stewart, Alistair and Moodabe, Kate and Roseman, Paul and Selak, Vanessa and Bramley, Dale and others},
  journal={European Journal of Preventive Cardiology},
  volume={15},
  number={2},
  pages={173--178},
  year={2008},
  publisher={Oxford University Press}
}
@article{RodriguezBook16,
  title={Newer architectures for clinical decision support},
  author={Rodriguez-Loya, Salvador and Kawamoto, Kensaku},
  journal={Clinical Decision Support Systems: Theory and Practice},
  pages={87--97},
  year={2016},
  publisher={Springer}
}
@book{ShortliffeBook12,
  title={{Computer-based medical consultations: MYCIN}},
  author={Shortliffe, Edward},
  volume={2},
  year={2012},
  publisher={Elsevier}
}

@article{BarnettJAMA87,
  title={{DXplain: an evolving diagnostic decision-support system}},
  author={Barnett, G Octo and Cimino, James J and Hupp, Jon A and Hoffer, Edward P},
  journal={Jama},
  volume={258},
  number={1},
  pages={67--74},
  year={1987},
  publisher={American Medical Association}
}
@article{KawamotoJBI10,
  title={System-agnostic clinical decision support services: benefits and challenges for scalable decision support},
  author={Kawamoto, Kensaku and Del Fiol, Guilherme and Orton, Charles and Lobach, David F},
  journal={The open medical informatics journal},
  volume={4},
  pages={245},
  year={2010},
  publisher={Bentham Science Publishers}
}

@article{SolomonJMIR23,
  title={Integrating clinical decision support into electronic health record systems using a novel platform (EvidencePoint): developmental study},
  author={Solomon, Jeffrey and Dauber-Decker, Katherine and Richardson, Safiya and Levy, Sera and Khan, Sundas and Coleman, Benjamin and Persaud, Rupert and Chelico, John and King, D'Arcy and Spyropoulos, Alex and others},
  journal={JMIR Formative Research},
  volume={7},
  pages={e44065},
  year={2023},
  publisher={JMIR Publications Toronto, Canada}
}
@book{ErlBook05,
  title={Service-oriented architecture},
  author={Erl, Thomas},
  year={2005},
  publisher={Prentice Hall}
}
@article{PressJMIR16,
  title={Usability testing of a national substance use screening tool embedded in electronic health records},
  author={Press, Anne and DeStio, Catherine and McCullagh, Lauren and Kapoor, Sandeep and Morley, Jeanne and Team, SBIRT NY-II and Conigliaro, Joseph and others},
  journal={JMIR human factors},
  volume={3},
  number={2},
  pages={e5820},
  year={2016},
  publisher={JMIR Publications Inc., Toronto, Canada}
}
@article{LiJMI16,
  title={Integrating usability testing and think-aloud protocol analysis with “near-live” clinical simulations in evaluating clinical decision support},
  author={Li, Alice C and Kannry, Joseph L and Kushniruk, Andre and Chrimes, Dillon and McGinn, Thomas G and Edonyabo, Daniel and Mann, Devin M},
  journal={International journal of medical informatics},
  volume={81},
  number={11},
  pages={761--772},
  year={2012},
  publisher={Elsevier}
}
@article{SchiffmanYMI13,
author = {Shiffman, Richard and Wright, A},
year = {2013},
month = {08},
pages = {120-7},
title = {{Evidence-Based Clinical Decision Support}},
volume = {8},
journal = {Yearbook of medical informatics},
doi = {10.1055/s-0038-1638843}
}
@incollection{ShaharIOS04,
  title={{The Digital electronic Guideline Library (DeGeL): a hybrid framework for representation and use of clinical guidelines}},
  author={Shahar, Yuval and Young, Ohad and Shalom, Erez and Mayaffit, Alon and Moskovitch, Robert and Hessing, Alon and Galperin, Maya},
  booktitle={Computer-based Support for Clinical Guidelines and Protocols},
  pages={147--151},
  year={2004},
  publisher={IOS Press}
}
@inproceedings{AnandMed04,
  title={Child health improvement through computer automation: the CHICA system.},
  author={Anand, Vibha and Biondich, Paul G and Liu, Gilbert C and Rosenman, Marc B and Downs, Stephen M and others},
  booktitle={Medinfo},
  pages={187--191},
  year={2004}
}
@article{KaradimasAMIA02,
  title={Arden/J: an architecture for MLM execution on the Java platform},
  author={Karadimas, Harry C and Chailloleau, Christophe and Hemery, Fran{\c{c}}ois and Simonnet, Julien and Lepage, Eric},
  journal={Journal of the American Medical Informatics Association},
  volume={9},
  number={4},
  pages={359--368},
  year={2002},
  publisher={BMJ Group BMA House, Tavistock Square, London, WC1H 9JR}
}
@article{BlackyACI12,
  title={Fully automated surveillance of healthcare-associated infections with MONI-ICU},
  author={Blacky, Alexander and Mandl, Harald and Adlassnig, K-P and Koller, Walter},
  journal={Applied Clinical Informatics},
  volume={2},
  number={03},
  pages={365--372},
  year={2011},
  publisher={Schattauer GmbH}
}
@article{SteinbrecherDC02,
  title={{Surveillance postoperativer Wundinfektionen--Referenzdaten des Krankenhaus-Infektions-Surveillance-Systems (KISS)}},
  author={Steinbrecher, E and Sohr, D and Hansen, S al and Nassauer, A and Daschner, F and R{\"u}den, H and Gastmeier, P},
  journal={Der Chirurg},
  volume={73},
  pages={76--82},
  year={2002},
  publisher={Springer}
}
@article{EngeleHealth11,
  title={Qualit{\"a}tssicherung in der Geburtshilfe durch leitlinienbasierte ntscheidungsunterst{\"u}tzung},
  author={Engel, T and Fehre, K and Rappelsberger, A and Adlassnig, KP},
  journal={Proceedings of eHealth2011, Austrian Computer Society},
  pages={313--318},
  year={2011}
}
@inproceedings{BoeglAMIA05,
  title={Knowledge-based computer-aided decision support in prenatal toxoplasmosis screening (TempToxopert)},
  author={Boegl, Karl and Anastassova, Nadejda and Adlassnig, Klaus-Peter and Rappelsberger, Andrea and Hayde, Michael and Pollak, Arnold},
  booktitle={AMIA Annual Symposium Proceedings},
  volume={2005},
  pages={897},
  year={2005},
  organization={American Medical Informatics Association}
}
@article{MachadoJAMIA98,
  title={The guideline interchange format: a model for representing guidelines},
  author={Ohno-Machado, Lucila and Gennari, John H and Murphy, Shawn N and Jain, Nilesh L and Tu, Samson W and Oliver, Diane E and Pattison-Gordon, Edward and Greenes, Robert A and Shortliffe, Edward H and Barnett, G Octo},
  journal={Journal of the American Medical Informatics Association},
  volume={5},
  number={4},
  pages={357--372},
  year={1998},
  publisher={BMJ Group BMA House, Tavistock Square, London, WC1H 9JR}
}
@inproceedings{StoufletJAMIA96,
  title={{GEODE-CM: a state-transition framework for clinical management}},
  author={Stoufflet, Paul E and Ohno-Machado, Lucila and Deibel, Stephan RA and Lee, Daesung and Greenes, Robert A},
  booktitle={Proceedings of the AMIA Annual Fall Symposium},
  pages={924},
  year={1996},
  organization={American Medical Informatics Association}
}
@inproceedings{TuAMIA96,
  title={The EON model of intervention protocols and guidelines.},
  author={Tu, Samson W and Musen, Mark A},
  booktitle={Proceedings of the AMIA Annual Fall Symposium},
  pages={587},
  year={1996},
  organization={American Medical Informatics Association}
}
@article{MusenJAMIA96,
  title={{EON: A component-based approach to automation of protocol-directed therapy}},
  author={Musen, Mark A and Tu, Samson W and Das, Amar K and Shahar, Yuval},
  journal={Journal of the American Medical Informatics Association},
  volume={3},
  number={6},
  pages={367--388},
  year={1996},
  publisher={BMJ Group BMA House, Tavistock Square, London, WC1H 9JR}
}
@article{ChoiJMI07,
  title={Encoding a clinical practice guideline using guideline interchange format: a case study of a depression screening and management guideline},
  author={Choi, Jeeyae and Currie, Leanne M and Wang, Dongwen and Bakken, Suzanne},
  journal={International Journal of Medical Informatics},
  volume={76},
  pages={S302--S307},
  year={2007},
  publisher={Elsevier}
}
@incollection{WangBook04,
  title={Translating Arden MLMs into GLIF Guidelines--A Case Study of Hyperkalemia Patient Screening},
  author={Wang, Dongwen},
  booktitle={Computer-based Support for Clinical Guidelines and Protocols},
  pages={177--181},
  year={2004},
  publisher={IOS Press}
}
@misc{TallisUrl,
  title={{The Tallis Toolset}},
  url={http://www.acl.icnet.uk/lab/tallis/index.html}
}
@article{WaltonBMJ97,
  title={Evaluation of computer support for prescribing (CAPSULE) using simulated cases},
  author={Walton, RT and Gierl, C and Yudkin, P and Mistry, H and Vessey, MP and Fox, J},
  journal={BMJ},
  volume={315},
  number={7111},
  pages={791--795},
  year={1997},
  publisher={British Medical Journal Publishing Group}
}
@article{BuryBJH05,
  title={LISA: a web-based decision-support system for trial management of childhood acute lymphoblastic leukaemia},
  author={Bury, Jonathan and Hurt, Chris and Roy, Anindita and Cheesman, Louise and Bradburn, Mike and Cross, Simon and Fox, John and Saha, Vaskar},
  journal={British journal of haematology},
  volume={129},
  number={6},
  pages={746--754},
  year={2005},
  publisher={Wiley Online Library}
}
@article{TaylorMIA99,
  title={The development and evaluation of CADMIUM: a prototype system to assist in the interpretation of mammograms},
  author={Taylor, Paul and Fox, John and Pokropek, Andrew Todd},
  journal={Medical Image Analysis},
  volume={3},
  number={4},
  pages={321--337},
  year={1999},
  publisher={Elsevier}
}
@inproceedings{FoxECAI06,
  title={PROforma guidelines and care pathways: performance in trials and future plans},
  author={Fox, John and Patkar, Vivek and Thomson, Richard and Black, Elizabeth},
  booktitle={The biennial European Conference on Artificial Intelligence (ECAI) Workshop: AI techniques in healthcare: computerized guidelines and protocols},
  year={2006},
  organization={Riva del Garda, Italy}
}
@inproceedings{BoxwalaAMIA99,
  title={Architecture for a multipurpose guideline execution engine.},
  author={Boxwala, Aziz A and Greenes, Robert A and Deibel, SR},
  booktitle={Proceedings of the AMIA Symposium},
  pages={701},
  year={1999},
  organization={American Medical Informatics Association}
}
@inproceedings{ZielstorffAMIA98,
  title={P-CAPE: a high-level tool for entering and processing clinical practice guidelines. Partners Computerized Algorithm and Editor.},
  author={Zielstorff, Rita D and Teich, Jonathan M and Paterno, Marilyn D and Segal, Mark and Kuperman, Gilad J and Hiltz, Frederick L and Fox, Roberta L},
  booktitle={Proceedings of the AMIA Symposium},
  pages={478},
  year={1998},
  organization={American Medical Informatics Association}
}
@inproceedings{PelegAMIA00,
  title={GLIF3: the evolution of a guideline representation format.},
  author={Peleg, Mor and Boxwala, Aziz A and Ogunyemi, Omolola and Zeng, Qing and Tu, Samson and Lacson, Ronilda and Bernstam, Elmer and Ash, Nachman and Mork, Peter and Ohno-Machado, Lucila and others},
  booktitle={Proceedings of the AMIA Symposium},
  pages={645},
  year={2000},
  organization={American Medical Informatics Association}
}
@article{HerbertMPB95,
  title={Protocols for clinical care},
  author={Herbert, Stuart I and Gordon, Colin J and Jackson-Smale, Andrew and Salis, Jean-Louis Renaud},
  journal={Computer Methods and Programs in Biomedicine},
  volume={48},
  number={1-2},
  pages={21--26},
  year={1995},
  publisher={Elsevier}
}
@article{ShaharAIM98,
  title={The Asgaard project: a task-specific framework for the application and critiquing of time-oriented clinical guidelines},
  author={Shahar, Yuval and Miksch, Silvia and Johnson, Peter},
  journal={Artificial intelligence in Medicine},
  volume={14},
  number={1-2},
  pages={29--51},
  year={1998},
  publisher={Elsevier}
}
@article{FriedlandJAR85,
  title={The concept and implementation of skeletal plans},
  author={Friedland, Peter E and Iwasaki, Yumi},
  journal={Journal of automated reasoning},
  volume={1},
  pages={161--208},
  year={1985},
  publisher={Springer}
}
@incollection{HatsekBook08,
  title={DeGeL: a clinical-guidelines library and automated guideline-support tools},
  author={Hatsek, Avner and Young, Ohad and Shalom, Erez and Shahar, Yuval},
  booktitle={Computer-based medical guidelines and protocols: a primer and current trends},
  pages={203--212},
  year={2008},
  publisher={IOS Press}
}
@inproceedings{YoungAMIA05,
  title={Applying Hybrid-Asbru clinical guidelines using the Spock system},
  author={Young, Ohad and Shahar, Yuval},
  booktitle={AMIA Annual Symposium Proceedings},
  volume={2005},
  pages={854},
  year={2005},
  organization={American Medical Informatics Association}
}
@inproceedings{BalserPIDP02,
  title={Formal semantics of Asbru-an overview},
  author={Balser, Michael and Duelli, Christoph and Reif, Wolfgang},
  booktitle={Proceedings of the International Conference on Integrated Design and Process Technology},
  pages={1--8},
  year={2002}
}
@inproceedings{YoungAIM05,
  title={The spock system: developing a runtime application engine for hybrid-asbru guidelines},
  author={Young, Ohad and Shahar, Yuval},
  booktitle={Conference on Artificial Intelligence in Medicine in Europe},
  pages={166--170},
  year={2005},
  organization={Springer}
}
@article{TerenzianiAIM01,
  title={A modular approach for representing and executing clinical guidelines},
  author={Terenziani, Paolo and Molino, Gianpaolo and Torchio, Mauro},
  journal={Artificial Intelligence in Medicine},
  volume={23},
  number={3},
  pages={249--276},
  year={2001},
  publisher={Elsevier}
}
@article{BrusoniExpert97,
  title={Later: Managing temporal information efficiently},
  author={Brusoni, Vittorio and Console, Luca and Terenziani, Paolo and Pernid, B},
  journal={IEEE Expert},
  volume={12},
  number={4},
  pages={56--64},
  year={1997},
  publisher={IEEE}
}
@book{SQLBook89,
  title={A Guide to the SQL Standard},
  author={Date, Chris J},
  year={1989},
  publisher={Addison-Wesley Longman Publishing Co., Inc.}
}
@incollection{TerenzianiBook04,
  title={The GLARE approach to clinical guidelines: main features},
  author={Terenziani, Paolo and Montani, Stefania and Bottrighi, Alessio and Torchio, Mauro and Molino, Gianpaolo and Correndo, Gianluca},
  booktitle={Computer-based Support for Clinical Guidelines and Protocols},
  pages={162--166},
  year={2004},
  publisher={IOS Press}
}

@incollection{ChesaniBook08,
  title={Compliance checking of cancer-screening careflows: an approach based on computational logic},
  author={Chesani, Federico and Lamma, Evelina and Mello, Paola and Montali, Marco and Storari, Sergio and Baldazzi, Paola and Manfredi, Marilena},
  booktitle={Computer-based medical guidelines and protocols: A primer and current trends},
  pages={183--192},
  year={2008},
  publisher={IOS Press}
}
@article{AlbertiTOCL08,
  title={Verifiable agent interaction in abductive logic programming: the SCIFF framework},
  author={Alberti, Marco and Chesani, Federico and Gavanelli, Marco and Lamma, Evelina and Mello, Paola and Torroni, Paolo},
  journal={ACM Transactions on Computational Logic (TOCL)},
  volume={9},
  number={4},
  pages={1--43},
  year={2008},
  publisher={ACM New York, NY, USA}
}
@inproceedings{ChesaniISMIS06,
  title={A framework for defining and verifying clinical guidelines: A case study on cancer screening},
  author={Chesani, Federico and De Matteis, Pietro and Mello, Paola and Montali, Marco and Storari, Sergio},
  booktitle={Foundations of Intelligent Systems: 16th International Symposium, ISMIS 2006, Bari, Italy, September 27-29, 2006. Proceedings 16},
  pages={338--343},
  year={2006},
  organization={Springer}
}
@inproceedings{BottrighiBook10,
  title={Analysis of the GLARE and GPROVE Approaches to Clinical Guidelines},
  author={Bottrighi, Alessio and Chesani, Federico and Mello, Paola and Montali, Marco and Montani, Stefania and Storari, Sergio and Terenziani, Paolo},
  booktitle={Knowledge Representation for Health-Care. Data, Processes and Guidelines: AIME 2009 Workshop KR4HC 2009, Verona, Italy, July 19, 2009, Revised Selected and Invited Papers 1},
  pages={76--87},
  year={2010},
  organization={Springer}
}
@article{SkonetzkiMIM04,
  title={{HELEN, a modular framework for representing and implementing clinical practice guidelines}},
  author={Skonetzki, S and Gausepohl, H-J and van der Haak, Minne and Knaebel, S and Linderkamp, O and Wetter, T},
  journal={Methods of Information in Medicine},
  volume={43},
  number={04},
  pages={413--426},
  year={2004},
  publisher={{Schattauer GmbH}}
}
@article{HaschlerMIM04,
  title={Evolution of the HELEN representation for managing clinical practice guidelines},
  author={Haschler, I and Skonetzki, S and Gausepohl, HJ and Linderkamp, O and Wetter, T},
  journal={Methods of Information in Medicine},
  volume={43},
  number={4},
  pages={413--426},
  year={2004}
}
@article{GennariIJHS03,
  title={The evolution of Prot{\'e}g{\'e}: an environment for knowledge-based systems development},
  author={Gennari, John H and Musen, Mark A and Fergerson, Ray W and Grosso, William E and Crub{\'e}zy, Monica and Eriksson, Henrik and Noy, Natalya F and Tu, Samson W},
  journal={International Journal of Human-computer studies},
  volume={58},
  number={1},
  pages={89--123},
  year={2003},
  publisher={Elsevier}
}
@article{BeckerUveitis99,
  title={Essential laboratory tests in uveitis},
  author={Becker, MD and Rosenbaum, JT},
  journal={Uveitis Update},
  volume={31},
  pages={92--108},
  year={1999},
  publisher={Karger Publishers}
}

@article{BiswasIJO99,
  title={Practical concepts in the management of uveitis},
  author={Biswas, Jyotirmay},
  journal={Indian Journal of Ophthalmology},
  volume={41},
  number={3},
  pages={133--141},
  year={1993},
  publisher={Medknow}
}
@article{HyperbilirubinemiaAAP94,
  title={Practice parameter: management of hyperbilirubinemia in the healthy term newborn},
  author={Provisional Committee on Quality Improvement and Subcommittee on Hyperbilirubinemia},
  journal={Pediatrics},
  volume={94},
  number={4},
  pages={558--565},
  year={1994},
  publisher={American Academy of Pediatrics}
}

@article{BhatiaCP00,
  title={Current options in the management of apnea of prematurity},
  author={Bhatia, Jatinder},
  journal={Clinical Pediatrics},
  volume={39},
  number={6},
  pages={327--336},
  year={2000},
  publisher={Westminster Publications, Inc. 708 Glen Cove Avenue, Glen Head, NY 11545}
}
@inproceedings{JohnsonAMIA00,
  title={Using scenarios in chronic disease management guidelines for primary care.},
  author={Johnson, Peter D and Tu, Samson and Booth, Nick and Sugden, Bob and Purves, Ian N},
  booktitle={Proceedings of the AMIA Symposium},
  pages={389},
  year={2000},
  organization={American Medical Informatics Association}
}
@inproceedings{RamMEDINFO04,
  title={Executing clinical practice guidelines using the SAGE execution engine},
  author={Ram, Prabhu and Berg, David and Tu, Samson and Mansfield, Guy and Ye, Qin and Abarbanel, Robert and Beard, Nick},
  booktitle={MEDINFO 2004},
  pages={251--255},
  year={2004},
  organization={IOS Press}
}
@article{TuAMIA07,
  title={The SAGE Guideline Model: achievements and overview},
  author={Tu, Samson W and Campbell, James R and Glasgow, Julie and Nyman, Mark A and McClure, Robert and McClay, James and Parker, Craig and Hrabak, Karen M and Berg, David and Weida, Tony and others},
  journal={Journal of the American Medical Informatics Association},
  volume={14},
  number={5},
  pages={589--598},
  year={2007},
  publisher={BMJ Group BMA House, Tavistock Square, London, WC1H 9JR}
}
@article{MillerJAMIA01,
  title={Domain-constrained generation of clinical condition sets to help test computer-based clinical guidelines},
  author={Miller, Perry L},
  journal={Journal of the American Medical Informatics Association},
  volume={8},
  number={2},
  pages={131--145},
  year={2001},
  publisher={BMJ Group BMA House, Tavistock Square, London, WC1H 9JR}
}
@article{DuftschmidAIM01,
  title={Knowledge-based verification of clinical guidelines by detection of anomalies},
  author={Duftschmid, Georg and Miksch, Silvia},
  journal={Artificial intelligence in Medicine},
  volume={22},
  number={1},
  pages={23--41},
  year={2001},
  publisher={Elsevier}
}
@article{PreeceJIS94,
  title={Foundation and application of knowledge base verification},
  author={Preece, Alun D and Shinghal, Rajjan},
  journal={International journal of intelligent Systems},
  volume={9},
  number={8},
  pages={683--701},
  year={1994},
  publisher={Wiley Online Library}
}
@article{PerezJBI10,
  title={Authoring and verification of clinical guidelines: A model driven approach},
  author={P{\'e}rez, Beatriz and Porres, Ivan},
  journal={Journal of Biomedical Informatics},
  volume={43},
  number={4},
  pages={520--536},
  year={2010},
  publisher={Elsevier}
}
@misc{OMGSpecUrl,
  title={OMG System Modeling Language Specification},
  author={Specification, OMG},
  year={2006},
  howpublished={\url{https://omg.org}}
}
@inproceedings{WhittleICSE02,
  title={statechart synthesis from scenarios: An air traffic control case study},
  author={Whittle, Jon and Schumann, Johan},
  booktitle={Proc. of” Scenarios and State-Machines: models, algorithms and tools” workshop at the 24th Int. Conf. on Software Engineering (ICSE 2002)},
  year={2002},
  organization={ACM New York}
}
@article{EfroniGR03,
  title={Toward rigorous comprehension of biological complexity: modeling, execution, and visualization of thymic T-cell maturation},
  author={Efroni, Sol and Harel, David and Cohen, Irun R},
  journal={Genome research},
  volume={13},
  number={11},
  pages={2485--2497},
  year={2003},
  publisher={Cold Spring Harbor Lab}
}
@inproceedings{MikkISFST98,
  title={Implementing statecharts in PROMELA/SPIN},
  author={Mikk, Erich and Lakhnech, Yassine and Siegel, Michael and Holzmann, Gerard J},
  booktitle={Proceedings. 2nd IEEE Workshop on Industrial Strength Formal Specification Techniques},
  pages={90--101},
  year={1998},
  organization={IEEE}
}
@inproceedings{DwyerFM98,
  title={Property specification patterns for finite-state verification},
  author={Dwyer, Matthew B and Avrunin, George S and Corbett, James C},
  booktitle={Proceedings of the second workshop on Formal methods in software practice},
  pages={7--15},
  year={1998}
}
@inproceedings{BitschSAFECOMP01,
  title={Safety patterns—the key to formal specification of safety requirements},
  author={Bitsch, Friedemann},
  booktitle={Computer Safety, Reliability and Security: 20th International Conference, SAFECOMP 2001 Budapest, Hungary, September 26--28, 2001 Proceedings 20},
  pages={176--189},
  year={2001},
  organization={Springer}
}
@inproceedings{DwyerICSE98,
  title={Patterns in property specifications for finite-state verification},
  author={Dwyer, Matthew B and Avrunin, George S and Corbett, James C},
  booktitle={Proceedings of the 21st International Conference on Software Engineering},
  pages={411--420},
  year={1999}
}
@thesis{RyndinaThesis05,
  title={Improving Requirements Engineering: an enhanced requirements modelling and analysis method},
  type={Masters Thesis},
  author={Ryndina, Ksenia},
  year={2005},
  howpublished={\url{http://pubs.cs.uct.ac.za/id/eprint/201}}
}
@inproceedings{PorresECBS08,
  title={A model driven approach to automate the implementation of clinical guidelines in decision support systems},
  author={Porres, Ivan and Dom{\'\i}nguez, Eladio and P{\'e}rez, Beatriz and Rodr{\'\i}guez, {\'A}urea and Zapata, Mar{\'\i}a A},
  booktitle={15th Annual IEEE International Conference and Workshop on the Engineering of Computer Based Systems (ECBS 2008)},
  pages={210--218},
  year={2008},
  organization={IEEE}
}
@article{TenAIM06,
  title={Improving Medical Protocols by Formal Methods},
  author={Ten Teije, Annette and Marcos, Mar and Balser, Michel and van Croonenborg, Joyce and Duelli, Christoph and van Harmelen, Frank and Lucas, Peter and Miksch, Silvia and Reif, Wolfgang and Rosenbrand, Kitty and others},
  journal={Artificial Intelligence in Medicine},
  volume={36},
  number={3},
  pages={193--209},
  year={2006},
  publisher={Elsevier}
}
